<marcxml:record xmlns:marcxml="http://www.loc.gov/MARC21/slim" xmlns:mets="http://www.loc.gov/METS/" xmlns:bf="http://id.loc.gov/ontologies/bibframe/" xmlns:bflc="http://id.loc.gov/ontologies/bflc/" xmlns:madsrdf="http://www.loc.gov/mads/rdf/v1#" xmlns:rdf="http://www.w3.org/1999/02/22-rdf-syntax-ns#" xmlns:ri="http://id.loc.gov/ontologies/RecordInfo#" xmlns:idx="info:lc/xq-modules/lcindex" xmlns:semtriples="http://marklogic.com/semantic" xmlns:xsi="http://www.w3.org/2001/XMLSchema-instance" xmlns:xlink="http://www.w3.org/1999/xlink" xmlns:streams="info:lc/streams#">
  <marcxml:leader>03912cam a2200457 i 4500</marcxml:leader>
  <marcxml:controlfield tag="001">20710243</marcxml:controlfield>
  <marcxml:controlfield tag="005">20190805152353.0</marcxml:controlfield>
  <marcxml:controlfield tag="008">180925s2019    nyu      b    000 0aeng c</marcxml:controlfield>
  <marcxml:datafield tag="906" ind1=" " ind2=" ">
    <marcxml:subfield code="a">7</marcxml:subfield>
    <marcxml:subfield code="b">cbc</marcxml:subfield>
    <marcxml:subfield code="c">orignew</marcxml:subfield>
    <marcxml:subfield code="d">1</marcxml:subfield>
    <marcxml:subfield code="e">ecip</marcxml:subfield>
    <marcxml:subfield code="f">20</marcxml:subfield>
    <marcxml:subfield code="g">y-gencatlg</marcxml:subfield>
  </marcxml:datafield>
  <marcxml:datafield tag="925" ind1="0" ind2=" ">
    <marcxml:subfield code="a">acquire</marcxml:subfield>
    <marcxml:subfield code="b">1 shelf copy</marcxml:subfield>
    <marcxml:subfield code="x">policy default</marcxml:subfield>
  </marcxml:datafield>
  <marcxml:datafield tag="955" ind1=" " ind2=" ">
    <marcxml:subfield code="a">LBSOR</marcxml:subfield>
    <marcxml:subfield code="e">rf07 2018-10-19 (telework) to Dewey</marcxml:subfield>
    <marcxml:subfield code="w">xm06 2018-10-22</marcxml:subfield>
    <marcxml:subfield code="a">xn11 2019-07-31 1 copy rec'd., to CIP ver.</marcxml:subfield>
    <marcxml:subfield code="f">rf07 2019-08-05 (OT) CIP Ver. to CALM</marcxml:subfield>
  </marcxml:datafield>
  <marcxml:datafield tag="010" ind1=" " ind2=" ">
    <marcxml:subfield code="a">  2018034263</marcxml:subfield>
  </marcxml:datafield>
  <marcxml:datafield tag="020" ind1=" " ind2=" ">
    <marcxml:subfield code="a">9781501162541 (hard cover : alk. paper)</marcxml:subfield>
  </marcxml:datafield>
  <marcxml:datafield tag="020" ind1=" " ind2=" ">
    <marcxml:subfield code="z">9781501162565 (ebook)</marcxml:subfield>
  </marcxml:datafield>
  <marcxml:datafield tag="040" ind1=" " ind2=" ">
    <marcxml:subfield code="a">LBSOR/DLC</marcxml:subfield>
    <marcxml:subfield code="b">eng</marcxml:subfield>
    <marcxml:subfield code="c">LBSOR</marcxml:subfield>
    <marcxml:subfield code="e">rda</marcxml:subfield>
    <marcxml:subfield code="d">DLC</marcxml:subfield>
  </marcxml:datafield>
  <marcxml:datafield tag="042" ind1=" " ind2=" ">
    <marcxml:subfield code="a">pcc</marcxml:subfield>
  </marcxml:datafield>
  <marcxml:datafield tag="043" ind1=" " ind2=" ">
    <marcxml:subfield code="a">n-us---</marcxml:subfield>
  </marcxml:datafield>
  <marcxml:datafield tag="050" ind1="0" ind2="0">
    <marcxml:subfield code="a">VE25.B47</marcxml:subfield>
    <marcxml:subfield code="b">A3 2019</marcxml:subfield>
  </marcxml:datafield>
  <marcxml:datafield tag="082" ind1="0" ind2="0">
    <marcxml:subfield code="a">359.9/6092</marcxml:subfield>
    <marcxml:subfield code="a">B</marcxml:subfield>
    <marcxml:subfield code="2">23</marcxml:subfield>
  </marcxml:datafield>
  <marcxml:datafield tag="100" ind1="1" ind2=" ">
    <marcxml:subfield code="a">Bhagwati, Anuradha Kristina,</marcxml:subfield>
    <marcxml:subfield code="d">1975-</marcxml:subfield>
    <marcxml:subfield code="e">author.</marcxml:subfield>
  </marcxml:datafield>
  <marcxml:datafield tag="245" ind1="1" ind2="0">
    <marcxml:subfield code="a">Unbecoming :</marcxml:subfield>
    <marcxml:subfield code="b">a memoir of disobedience /</marcxml:subfield>
    <marcxml:subfield code="c">Anuradha Bhagwati.</marcxml:subfield>
  </marcxml:datafield>
  <marcxml:datafield tag="250" ind1=" " ind2=" ">
    <marcxml:subfield code="a">First Atria Books hardcover edition.</marcxml:subfield>
  </marcxml:datafield>
  <marcxml:datafield tag="264" ind1=" " ind2="1">
    <marcxml:subfield code="a">New York :</marcxml:subfield>
    <marcxml:subfield code="b">Atria Books,</marcxml:subfield>
    <marcxml:subfield code="c">2019.</marcxml:subfield>
  </marcxml:datafield>
  <marcxml:datafield tag="300" ind1=" " ind2=" ">
    <marcxml:subfield code="a">xii, 321 pages 24 cm</marcxml:subfield>
  </marcxml:datafield>
  <marcxml:datafield tag="336" ind1=" " ind2=" ">
    <marcxml:subfield code="a">text</marcxml:subfield>
    <marcxml:subfield code="2">rdacontent</marcxml:subfield>
  </marcxml:datafield>
  <marcxml:datafield tag="337" ind1=" " ind2=" ">
    <marcxml:subfield code="a">unmediated</marcxml:subfield>
    <marcxml:subfield code="2">rdamedia</marcxml:subfield>
  </marcxml:datafield>
  <marcxml:datafield tag="338" ind1=" " ind2=" ">
    <marcxml:subfield code="a">volume</marcxml:subfield>
    <marcxml:subfield code="2">rdacarrier</marcxml:subfield>
  </marcxml:datafield>
  <marcxml:datafield tag="520" ind1=" " ind2=" ">
    <marcxml:subfield code="a">"A raw, unflinching, and inspirational memoir by a former United States Marine Captain describing her journey from dutiful daughter of immigrants to wide-eyed recruit to radical activist dedicated to effecting historic policy reform in the military. After a lifetime of buckling to the demands of her strict Indian parents, Anuradha Bhagwati abandons her grad school career at Harvard University to join the Marines. It's the fiercest, most violent, most masculine branch of the military: the perfect place for her to prove that she's the ultimate Cool Girl, someone who can brawl with the boys in every sense of the word. Or at least that's what she thinks. From the moment training begins, Anuradha's G.I. Jane fantasy is punctured. As a bisexual woman of color in the military, she faces adversity and underestimation at every stage, confronting misogyny, racism, abuse, and astonishing injustice perpetrated by those in power. Pushing herself beyond her limits to prove her ability, she is forced to wrestle with what exactly drove her to pursue such punishment and violence in the first place. Once her service concludes in 2004, instead of retreating and putting it all behind her, she decides to do the exact opposite: take to task the leaders and outmoded conventions that she found so objectionable and even dangerous. Full of strength, courage, and heroic resilience, Unbecoming is about one woman who learned to believe in herself in spite of everything; it is the kind of story that will light a fire beneath you, and that will inspire our next generation of fierce female heroes to always persist"--</marcxml:subfield>
    <marcxml:subfield code="c">Provided by publisher.</marcxml:subfield>
  </marcxml:datafield>
  <marcxml:datafield tag="504" ind1=" " ind2=" ">
    <marcxml:subfield code="a">Includes bibliographical references.</marcxml:subfield>
  </marcxml:datafield>
  <marcxml:datafield tag="505" ind1="0" ind2=" ">
    <marcxml:subfield code="a">Home fires -- Are you a girl with a star-spangled heart? -- Becoming a Marine -- Womanizing the Corps -- Heart of darkness -- A few good men -- Joining the grunts -- One last oorah -- Invitation to a beheading -- Unraveling -- Rising up -- The civilian invasion -- Shock and awe -- Bleeding hearts -- Handling the truth -- Our last best hope -- Red, (white) and blue.</marcxml:subfield>
  </marcxml:datafield>
  <marcxml:datafield tag="600" ind1="1" ind2="0">
    <marcxml:subfield code="a">Bhagwati, Anuradha Kristina,</marcxml:subfield>
    <marcxml:subfield code="d">1975-</marcxml:subfield>
  </marcxml:datafield>
  <marcxml:datafield tag="610" ind1="1" ind2="0">
    <marcxml:subfield code="a">United States.</marcxml:subfield>
    <marcxml:subfield code="b">Marine Corps</marcxml:subfield>
    <marcxml:subfield code="x">Officers</marcxml:subfield>
    <marcxml:subfield code="v">Biography.</marcxml:subfield>
  </marcxml:datafield>
  <marcxml:datafield tag="610" ind1="1" ind2="0">
    <marcxml:subfield code="a">United States.</marcxml:subfield>
    <marcxml:subfield code="b">Marine Corps</marcxml:subfield>
    <marcxml:subfield code="x">Women</marcxml:subfield>
    <marcxml:subfield code="v">Biography.</marcxml:subfield>
  </marcxml:datafield>
  <marcxml:datafield tag="610" ind1="1" ind2="0">
    <marcxml:subfield code="a">United States.</marcxml:subfield>
    <marcxml:subfield code="b">Marine Corps</marcxml:subfield>
    <marcxml:subfield code="x">Minorities</marcxml:subfield>
    <marcxml:subfield code="v">Biography.</marcxml:subfield>
  </marcxml:datafield>
  <marcxml:datafield tag="650" ind1=" " ind2="0">
    <marcxml:subfield code="a">Women marines</marcxml:subfield>
    <marcxml:subfield code="v">Biography.</marcxml:subfield>
  </marcxml:datafield>
  <marcxml:datafield tag="650" ind1=" " ind2="0">
    <marcxml:subfield code="a">East Indian American women</marcxml:subfield>
    <marcxml:subfield code="v">Biography.</marcxml:subfield>
  </marcxml:datafield>
  <marcxml:datafield tag="650" ind1=" " ind2="0">
    <marcxml:subfield code="a">Bisexual women</marcxml:subfield>
    <marcxml:subfield code="z">United States</marcxml:subfield>
    <marcxml:subfield code="v">Biography.</marcxml:subfield>
  </marcxml:datafield>
  <marcxml:datafield tag="650" ind1=" " ind2="0">
    <marcxml:subfield code="a">Women political activists</marcxml:subfield>
    <marcxml:subfield code="z">United States</marcxml:subfield>
    <marcxml:subfield code="v">Biography.</marcxml:subfield>
  </marcxml:datafield>
  <marcxml:datafield tag="650" ind1=" " ind2="0">
    <marcxml:subfield code="a">Women and the military</marcxml:subfield>
    <marcxml:subfield code="z">United States.</marcxml:subfield>
  </marcxml:datafield>
  <marcxml:datafield tag="776" ind1="0" ind2="8">
    <marcxml:subfield code="i">Online version:</marcxml:subfield>
    <marcxml:subfield code="a">Bhagwati, Anuradha Kristina, 1975- author.</marcxml:subfield>
    <marcxml:subfield code="t">Unbecoming</marcxml:subfield>
    <marcxml:subfield code="b">First Atria Books hardcover edition.</marcxml:subfield>
    <marcxml:subfield code="d">New York : Atria Books, [2019]</marcxml:subfield>
    <marcxml:subfield code="z">9781501162565</marcxml:subfield>
    <marcxml:subfield code="w">(DLC) 2018050734</marcxml:subfield>
  </marcxml:datafield>
  <marcxml:datafield tag="985" ind1=" " ind2=" ">
    <marcxml:subfield code="a">LBSORCIP</marcxml:subfield>
    <marcxml:subfield code="d">2018-10-18</marcxml:subfield>
  </marcxml:datafield>
</marcxml:record>
